@misc{url:uiArchs,
  howpublished={\url{https://www.martinfowler.com/eaaDev/uiArchs.html}},
  note={18 July 2006},
  title={GUI Architectures},
  author={Martin Fowler}
}
@misc{url:20180131C02LR0,
  howpublished={\url{https://new.qq.com/omn/20180131/20180131C02LR0.html}},
  note={2018 年 1 月 31 日},
  title={2017 年中国物流机器人AGV市场规模与发展前景预测},
  author={前瞻产业研究院}
}